% Encoding: UTF-8
@book{gomes1998,
    address={Niterói},
    author={Gomes, L. G. F. F},
    isbn={85-228-0268-8},
    note={Bibliografia: p. 131--132},
    number={15},
    pages={137},
    publisher={EdUFF},
    series={Coleção Antropologia e Ci\^encia Pol{\’\i}tica},
    title={Novela e sociedade no Brasil},
    year={1998}
}

@Book{hpotter1,
  title     = {Harry Potter and the Philosopher's Stone},
  publisher = {Rocco},
  year      = {2008},
  author    = {Rowling, J. K.},
  volume    = {1},
}

@Comment{jabref-meta: databaseType:bibtex;}
